<?xml version="1.0" encoding="UTF-8"?><collection xmlns="http://www.loc.gov/MARC21/slim"><record><leader>00599nam--2200205-i-4500</leader><controlfield tag="001">000019853</controlfield><controlfield tag="002">20161230</controlfield><controlfield tag="005">20161230201033</controlfield><controlfield tag="008">060222s1000------------r-----000-0-eng-d</controlfield><datafield ind1=" " ind2=" " tag="020"><subfield code="a">089006024X</subfield></datafield><datafield ind1=" " ind2=" " tag="040"><subfield code="a">IFIN-HH</subfield></datafield><datafield ind1=" " ind2=" " tag="080"><subfield code="a">535.33:621.38</subfield></datafield><datafield ind1="1" ind2=" " tag="100"><subfield code="a">Engelson, Morris,. Telewski. Fred</subfield></datafield><datafield ind1="1" ind2="0" tag="245"><subfield code="a">Spectrum analyzer theory and applications</subfield><subfield code="c">Morris engelson; fred telewski</subfield></datafield><datafield ind1=" " ind2=" " tag="260"><subfield code="a">Washington</subfield><subfield code="b">Artech House, Inc</subfield><subfield code="c">1974</subfield></datafield><datafield ind1=" " ind2=" " tag="300"><subfield code="a">IX + 276 P</subfield></datafield><datafield ind1=" " ind2=" " tag="490"><subfield code="a">The Artech House Microwave Library</subfield></datafield><datafield ind1="1" ind2=" " tag="700"><subfield code="a">Telewski, Fred</subfield></datafield><datafield ind1=" " ind2=" " tag="852"><subfield code="a">48267</subfield><subfield code="c">535.33</subfield></datafield><datafield ind1=" " ind2=" " tag="CAT"><subfield code="a">Sys</subfield><subfield code="c">20101216</subfield><subfield code="h">113558</subfield></datafield></record></collection>